@article{hirschmueller2008sgm, 
    author={Hirschmuller, H.}, 
    journal={Pattern Analysis and Machine Intelligence, IEEE Transactions on}, 
    title={Stereo Processing by Semiglobal Matching and Mutual Information}, 
    year={2008}, 
    volume={30}, 
    number={2}, 
pages={328-341}, 
    keywords={image matching;image reconstruction;stereo image processing;3D reconstruction;multibaseline matching;mutual information based matching;occlusion detection;orthographic projection;pathwise optimization;pixelwise matching;radiometric transformation;semiglobal matching;stereo processing;subpixel refinement;global optimization;multi-baseline;mutual information;stereo}, 
    doi={10.1109/TPAMI.2007.1166}, 
    ISSN={0162-8828}, 
    month={Feb},
}

@article{hirschmuller2011semi,
   title={Semi-Global Matchingâ€“Motivation, Developments and Applications},
   author={Hirschmuller, H.},
   journal={Invited Paper at the Photogrammetric Week},
   year={2011}
}

@article{birchfield-tomasi, 
author={Birchfield, S. and Tomasi, C.}, 
journal={Pattern Analysis and Machine Intelligence, IEEE Transactions on}, 
title={A pixel dissimilarity measure that is insensitive to image sampling}, 
year={1998}, 
volume={20}, 
number={4}, 
pages={401-406}, 
keywords={image sampling;interpolation;stereo image processing;image sampling insensitivity;linearly interpolated intensity functions;noise;pixel dissimilarity measure;stereo pair;Cameras;Cost function;Degradation;Gain measurement;Image sampling;Image sensors;Lenses;Noise measurement;Pixel;Sampling methods}, 
doi={10.1109/34.677269}, 
ISSN={0162-8828}, 
month={Apr},

}





